@inbook{Stajano_2011, 
 series={LNCS}, 
 title={Pico: No More Passwords!}, 
 ISBN={978-3-642-25866-4}, 
 url={\url{http://link.springer.com/chapter/10.1007/978-3-642-25867-1_6}}, 
 booktitle={Security Protocols XIX}, 
 publisher={Springer Berlin Heidelberg}, 
 author={Stajano, Frank}, 
 editor={Christianson, Bruce and Crispo, Bruno and Malcolm, James and Stajano, FrankEditors}, 
 year={2011}, 
 pages={49--81}, 
 collection={LNCS}
}

@inbook{Stajano_2000, 
 series={LNCS}, 
 title={The Resurrecting Duckling -- What Next?}, 
 ISBN={978-3-540-42566-3}, 
 url={\url{http://link.springer.com/chapter/10.1007/3-540-44810-1\_27}}, 
 booktitle={Security Protocols}, 
 publisher={Springer Berlin Heidelberg}, 
 author={Stajano, Frank}, 
 editor={Christianson, Bruce and Malcolm, James A. and Crispo, Bruno and Roe, MichaelEditors}, 
 year={2000}, 
 month={Apr}, 
 pages={204--214}, 
 collection={LNCS}
}

@inbook{Bonneau_2012, 
 title={The Quest to Replace Passwords: A Framework for Comparative Evaluation of Web Authentication Schemes}, 
 booktitle={2012 IEEE Symposium on Security and Privacy (SP)}, 
 author={Bonneau, J. and Herley, C. and van Oorschot, P.C. and Stajano, F.}, 
 year={2012}, 
 month={May}, 
 pages={553--567}
}

@phdthesis{Bonneau_2012_phd, 
 title={Guessing human-chosen secrets}, 
 url={\url{https://www.repository.cam.ac.uk/handle/1810/243444}}, 
 school={University of Cambridge}, 
 author={Bonneau, Joseph}, 
 year={2012}, 
 month={Jun}
}

@inbook{Florencio_2007, 
 place={Banff, Alberta, Canada}, 
 title={A large-scale study of web password habits}, 
 booktitle={Proceedings of the 16th international conference on World Wide Web}, 
 publisher={ACM}, 
 author={Dinei Florencio and Herley Cormac}, 
 year={2007}, 
 month={May}, 
 pages={657--666}
}

@article{Chiasson_2012, 
 title={Persuasive Cued Click-Points: Design, Implementation, and Evaluation of a Knowledge-Based Authentication Mechanism}, 
 volume={9}, 
 ISSN={1545-5971}, 
 number={2}, 
 journal={IEEE Transactions on Dependable and Secure Computing}, 
 author={Chiasson, S. and Stobert, E. and Forget, A. and Biddle, R. and Van Oorschot, P.C.}, 
 year={2012}, 
 month={Mar}, 
 pages={222--235}
}

@inbook{Bonneau_2010, 
 place={Harvard University, USA}, 
 title={The Password Thicket: Technical and Market Failures in Human Authentication on the Web}, 
 author={Bonneau, Joseph and Preibusch, Sören}, 
 year={2010}, 
 month={Jun}
}

@inbook{Nielsen_1994, 
 title={Heuristic Evaluation}, 
 booktitle={Usability Inspection Methods}, 
 publisher={John Wiley \& Sons, Inc}, 
 author={Nielsen, Jakob}, 
 editor={Nielsen, Jakob and Mack, RobertEditors}, 
 year={1994}, 
 pages={25--62}
}

@inbook{Anderson_2013, 
 title={Measuring the Cost of Cybercrime}, 
 ISBN={978-3-642-39497-3}, 
 url={\url{http://link.springer.com/chapter/10.1007/978-3-642-39498-0\_12}}, 
 booktitle={The Economics of Information Security and Privacy}, 
 publisher={Springer Berlin Heidelberg}, 
 author={Anderson, Ross and Barton, Chris and Böhme, Rainer and Clayton, Richard and Eeten, Michel J. G. van and Levi, Michael and Moore, Tyler and Savage, Stefan}, 
 editor={Böhme, RainerEditor}, 
 year={2013}, 
 pages={265--300}
}

@inbook{Czeskis_2012, 
 place={New York, NY, USA}, 
 series={CCS ’12}, 
 title={Strengthening User Authentication Through Opportunistic Cryptographic Identity Assertions}, 
 ISBN={978-1-4503-1651-4}, 
 url={\url{http://doi.acm.org/10.1145/2382196.2382240}}, 
 booktitle={Proceedings of the 2012 ACM Conference on Computer and Communications Security}, 
 publisher={ACM}, 
 author={Czeskis, Alexei and Dietz, Michael and Kohno, Tadayoshi and Wallach, Dan and Balfanz, Dirk}, 
 year={2012}, 
 pages={404--414}, 
 collection={CCS ’12}
}

@inbook{Yan_2013, 
 place={New York, NY, USA}, 
 series={ASIA CCS ’13}, 
 title={Designing Leakage-resilient Password Entry on Touchscreen Mobile Devices}, 
 ISBN={978-1-4503-1767-2}, 
 url={\url{http://doi.acm.org/10.1145/2484313.2484318}}, 
 booktitle={Proceedings of the 8th ACM SIGSAC Symposium on Information, Computer and Communications Security}, 
 publisher={ACM}, 
 author={Yan, Qiang and Han, Jin and Li, Yingjiu and Zhou, Jianying and Deng, Robert H.}, 
 year={2013}, 
 pages={37--48}, 
 collection={ASIA CCS ’13}
}

@inbook{Mare_2014, 
 title={{ZEBRA}: Zero-Effort Bilateral Recurring Authentication}, 
 booktitle={2014 IEEE Symposium on Security and Privacy (SP)}, 
 author={Mare, S. and Markham, A.M. and Cornelius, C. and Peterson, R. and Kotz, D.}, 
 year={2014}, 
 month={May}, 
 pages={705--720}
}



